001  0000113
005  20180609123959.995
008  170622s||||     bl|||||||||||||||||por|u
020    $a9788583750154
080    $21997$a820(81)
090    $a820(81)$bK95p
100 1  $aKude, Heino Willy
245 10 $aDiferente, sem o querer ser$cHeino Willy Kude
260    $aPorto Alegre$bCaravela, ICP$c2015
300    $a184 p.
650    $aLiteratura brasileira
650    $aRomance
